
@article{abramowitz2019esd,
  title={ESD Reviews: Model dependence in multi-model climate ensembles: weighting, sub-selection and out-of-sample testing},
  author={Abramowitz, Gab and Herger, Nadja and Gutmann, Ethan and Hammerling, Dorit and Knutti, Reto and Leduc, Martin and Lorenz, Ruth and Pincus, Robert and Schmidt, Gavin A},
  journal={Earth System Dynamics},
  volume={10},
  number={1},
  pages={91--105},
  year={2019},
  publisher={Copernicus GmbH}
}


@article{braverman2017probabilistic,
  title={Probabilistic evaluation of competing climate models},
  author={Braverman, Amy and Chatterjee, Snigdhansu and Heyman, Megan and Cressie, Noel},
  journal={Advances in Statistical Climatology, Meteorology and Oceanography},
  volume={3},
  number={2},
  pages={93--105},
  year={2017},
  publisher={Copernicus GmbH}
}

@article{chatterjee2019scale,
  title={The scale enhanced wild bootstrap method for evaluating climate models using wavelets},
  author={Chatterjee, Snigdhansu},
  journal={Statistics \& Probability Letters},
  volume={144},
  pages={69--73},
  year={2019},
  publisher={Elsevier}
}

@article{craigmile2017regional,
  title={Regional climate model assessment via spatio-temporal modeling},
  author={Craigmile, Peter F and Guttorp, Peter and Berrocal, Veronica},
  journal={Environmetrics},
  volume={23},
  pages={482--492},
  year={2017}
}

@incollection{flato2014evaluation,
  title={Evaluation of climate models},
  author={Flato, Gregory and Marotzke, Jochem and Abiodun, Babatunde and Braconnot, Pascale and Chou, Sin Chan and Collins, William and Cox, Peter and Driouech, Fatima and Emori, Seita and Eyring, Veronika and others},
  booktitle={Climate change 2013: the physical science basis. Contribution of Working Group I to the Fifth Assessment Report of the Intergovernmental Panel on Climate Change},
  pages={741--866},
  year={2014},
  publisher={Cambridge University Press}
}


@incollection{gong2020evaluation,
  title={On Evaluation of Climate Models},
  author={Gong, Kaibo and Chatterjee, Snigdhansu},
  booktitle={Evaluating Climate Change Impacts},
  pages={3--24},
  year={2020},
  publisher={Chapman and Hall/CRC}
}

@article{knutti2010end,
  title={The end of model democracy?},
  author={Knutti, Reto},
  journal={Climatic change},
  volume={102},
  number={3},
  pages={395--404},
  year={2010},
  publisher={Springer}
}

@article{knutti2017climate,
  title={A climate model projection weighting scheme accounting for performance and interdependence},
  author={Knutti, Reto and Sedl{\'a}{\v{c}}ek, Jan and Sanderson, Benjamin M and Lorenz, Ruth and Fischer, Erich M and Eyring, Veronika},
  journal={Geophysical Research Letters},
  volume={44},
  number={4},
  pages={1909--1918},
  year={2017},
  publisher={Wiley Online Library}
}

@article{sanderson2015representative,
  title={A representative democracy to reduce interdependency in a multimodel ensemble},
  author={Sanderson, Benjamin M and Knutti, Reto and Caldwell, Peter},
  journal={Journal of Climate},
  volume={28},
  number={13},
  pages={5171--5194},
  year={2015},
  publisher={American Meteorological Society}
}


@article{sanderson2017skill,
  title={Skill and independence weighting for multi-model assessments},
  author={Sanderson, Benjamin M and Wehner, Michael and Knutti, Reto},
  journal={Geoscientific Model Development},
  volume={10},
  number={6},
  pages={2379--2395},
  year={2017},
  publisher={Copernicus GmbH}
}

@article{smith2009bayesian,
  title={Bayesian modeling of uncertainty in ensembles of climate models},
  author={Smith, Richard L and Tebaldi, Claudia and Nychka, Doug and Mearns, Linda O},
  journal={Journal of the American Statistical Association},
  volume={104},
  number={485},
  pages={97--116},
  year={2009},
  publisher={Taylor \& Francis}
}



@article{masson2011climate,
  title={Climate model genealogy},
  author={Masson, David and Knutti, Reto},
  journal={Geophysical Research Letters},
  volume={38},
  number={8},
  year={2011},
  publisher={Wiley Online Library}
}

@article{knutti2010challenges,
  title={Challenges in combining projections from multiple climate models},
  author={Knutti, Reto and Furrer, Reinhard and Tebaldi, Claudia and Cermak, Jan and Meehl, Gerald A},
  journal={Journal of Climate},
  volume={23},
  number={10},
  pages={2739--2758},
  year={2010}
}

@inproceedings{knutti2010good,
  title={Good Practice Guidance Paper on Assessing and Combining Multi Model Climate Projections},
  author={Knutti, Reto and Abramowitz, Gabriel and Collins, Matthew and Eyring, Veronika and Gleckler, Peter J and Hewitson, Bruce and Mearns, Linda},
  booktitle={IPCC Expert Meeting on Assessing and Combining Multi Model Climate Projections: National Center for Atmospheric Research: Boulder, Colorado, USA: 25-27 January 2010: Meeting Report},
  year={2010},
  organization={IPCC Working Group I Technical Support Unit, University of Bern}
}

@article{knutti2013climate,
  title={Climate model genealogy: Generation CMIP5 and how we got there},
  author={Knutti, Reto and Masson, David and Gettelman, Andrew},
  journal={Geophysical Research Letters},
  volume={40},
  number={6},
  pages={1194--1199},
  year={2013},
  publisher={Wiley Online Library}
}


@article{tebaldi2007use,
  title={The use of the multi-model ensemble in probabilistic climate projections},
  author={Tebaldi, Claudia and Knutti, Reto},
  journal={Philosophical transactions of the royal society A: mathematical, physical and engineering sciences},
  volume={365},
  number={1857},
  pages={2053--2075},
  year={2007},
  publisher={The Royal Society London}
}

@article{rougier2009analyzing,
  title={Analyzing the climate sensitivity of the HadSM3 climate model using ensembles from different but related experiments},
  author={Rougier, Jonathan and Sexton, David MH and Murphy, James M and Stainforth, David},
  journal={Journal of Climate},
  volume={22},
  number={13},
  pages={3540--3557},
  year={2009}
}

@article{sexton2012multivariate,
  title={Multivariate probabilistic projections using imperfect climate models part I: outline of methodology},
  author={Sexton, David MH and Murphy, James M and Collins, Mat and Webb, Mark J},
  journal={Climate dynamics},
  volume={38},
  number={11-12},
  pages={2513--2542},
  year={2012},
  publisher={Springer}
}

@article{sexton2012multivariateb,
  title={Multivariate probabilistic projections using imperfect climate models. Part II: robustness of methodological choices and consequences for climate sensitivity},
  author={Sexton, David MH and Murphy, James M},
  journal={Climate Dynamics},
  volume={38},
  number={11-12},
  pages={2543--2558},
  year={2012},
  publisher={Springer}
}

@article{sanderson2013estimation,
  title={On the estimation of systematic error in regression-based predictions of climate sensitivity},
  author={Sanderson, Benjamin M},
  journal={Climatic change},
  volume={118},
  number={3-4},
  pages={757--770},
  year={2013},
  publisher={Springer}
}

@article{furrer2007spatial,
  title={Spatial patterns of probabilistic temperature change projections from a multivariate {B}ayesian analysis},
  author={Furrer, Reinhard and Knutti, Reto and Sain, SR and Nychka, DW and Meehl, GA},
  journal={Geophysical Research Letters},
  volume={34},
  number={6},
  year={2007},
  publisher={Wiley Online Library}
}

@article{milliff2011ocean,
  title={Ocean ensemble forecasting. Part I: Ensemble Mediterranean winds from a Bayesian hierarchical model},
  author={Milliff, Ralph F and Bonazzi, Alessandro and Wikle, Christopher K and Pinardi, Nadia and Berliner, L Mark},
  journal={Quarterly Journal of the Royal Meteorological Society},
  volume={137},
  number={657},
  pages={858--878},
  year={2011},
  publisher={Wiley Online Library}
}


@article{tebaldi2005quantifying,
  title={Quantifying uncertainty in projections of regional climate change: A Bayesian approach to the analysis of multimodel ensembles},
  author={Tebaldi, Claudia and Smith, Richard L and Nychka, Doug and Mearns, Linda O},
  journal={Journal of Climate},
  volume={18},
  number={10},
  pages={1524--1540},
  year={2005}
}

@article{sunyer2014bayesian,
  title={A Bayesian approach for uncertainty quantification of extreme precipitation projections including climate model interdependency and nonstationary bias},
  author={Sunyer, Maria Antonia and Madsen, Henrik and Rosbjerg, Dan and Arnbjerg-Nielsen, Karsten},
  journal={Journal of Climate},
  volume={27},
  number={18},
  pages={7113--7132},
  year={2014}
}


@article{sanderson2015addressing,
  title={Addressing interdependency in a multimodel ensemble by interpolation of model properties},
  author={Sanderson, Benjamin M and Knutti, Reto and Caldwell, Peter},
  journal={Journal of Climate},
  volume={28},
  number={13},
  pages={5150--5170},
  year={2015}
}

@article{lorenz2018prospects,
  title={Prospects and caveats of weighting climate models for summer maximum temperature projections over North America},
  author={Lorenz, Ruth and Herger, Nadja and Sedl{\'a}{\v{c}}ek, Jan and Eyring, Veronika and Fischer, Erich M and Knutti, Reto},
  journal={Journal of Geophysical Research: Atmospheres},
  volume={123},
  number={9},
  pages={4509--4526},
  year={2018},
  publisher={Wiley Online Library}
}

@article{abramowitz2018model,
  title={Model dependence in multi-model climate ensembles: weighting, sub-selection and out-of-sample testing},
  author={Abramowitz, Gab and Herger, Nadja and Gutmann, Ethan and Hammerling, Dorit and Knutti, Reto and Leduc, Martin and Lorenz, Ruth and Pincus, Robert and Schmidt10, Gavin A},
  journal={Earth Syst. Dynam. Discuss},
  year={2018}
}

@article{herger2018selecting,
  title={Selecting a climate model subset to optimise key ensemble properties},
  author={Herger, Nadja and Abramowitz, Gab and Knutti, Reto and Ang{\'e}lil, Oliver and Lehmann, Karsten and Sanderson, Benjamin M},
  journal={Earth System Dynamics},
  volume={9},
  number={1},
  pages={135--151},
  year={2018},
  publisher={Copernicus Publ.}
}

@article{eyring2016overview,
  title={Overview of the Coupled Model Intercomparison Project Phase 6 (CMIP6) experimental design and organization},
  author={Eyring, Veronika and Bony, Sandrine and Meehl, Gerald A and Senior, Catherine A and Stevens, Bjorn and Stouffer, Ronald J and Taylor, Karl E},
  journal={Geoscientific Model Development},
  volume={9},
  number={5},
  pages={1937--1958},
  year={2016},
  publisher={Copernicus GmbH}
}

@article{change2007climate,
  title={Climate change 2007: The physical science basis},
  author={Change, Intergovernmental Panel On Climate},
  journal={Agenda},
  volume={6},
  number={07},
  pages={333},
  year={2007}
}

@article{riahi2017shared,
  title={The Shared Socioeconomic Pathways and their energy, land use, and greenhouse gas emissions implications: An overview},
  author={Riahi, Keywan and Van Vuuren, Detlef P and Kriegler, Elmar and Edmonds, Jae and O’neill, Brian C and Fujimori, Shinichiro and Bauer, Nico and Calvin, Katherine and Dellink, Rob and Fricko, Oliver and others},
  journal={Global environmental change},
  volume={42},
  pages={153--168},
  year={2017},
  publisher={Elsevier}
}

@misc{jones1999surface,
  title={Surface air temperature and its changes over the past 150 years},
  author={Jones, Phil D and New, Mark and Parker, David E and Martin, Seelye and Rigor, Ignatius G},
  journal={Reviews of Geophysics},
  volume={37},
  number={2},
  pages={173--199},
  year={1999},
  publisher={Wiley Online Library},
  howpublished={\url{https://crudata.uea.ac.uk/cru/data/temperature/abs_glnhsh.txt}},
  note={Accessed 2021/11/29}
}

%%%%%%%%%%%%%%%%%%%%%%%%%%%%%%%%%%%%%%%%%%%%%%%%%%%%%%%%%%%%%%%%%%%%%%%%%%%%%%%%%%%%%%%%%%
%%%%% CMIP6 %%%%%
% https://docs.google.com/document/d/1SnwBL9MJQNEU1_nJ661SN3-SSxR0j1mAYan6-WXfaSU/edit
% https://cera-www.dkrz.de/ords/f?p=127:2
% access-cm2
@misc{access-cm2,
      url = {https://doi.org/10.22033/ESGF/CMIP6.4332},
      title = {CSIRO-ARCCSS ACCESS-CM2 model output prepared for CMIP6 ScenarioMIP ssp585},
      publisher = {Earth System Grid Federation},
      year = {2019},
      author = {Dix, Martin and Bi, Doahua and Dobrohotoff, Peter and Fiedler, Russell and Harman, Ian and Law, Rachel and Mackallah, Chloe and Marsland, Simon and O'Farrell, Siobhan and Rashid, Harun and Srbinovsky, Jhan and Sullivan, Arnold and Trenham, Claire and Vohralik, Peter and Watterson, Ian and Williams, Gareth and Woodhouse, Matthew and Bodman, Roger and Dias, Fabio Boeira and Domingues, Catia and Hannah, Nicholas and Heerdegen, Aidan and Savita, Abhishek and Wales, Scott and Allen, Chris and Druken, Kelsey and Evans, Ben and Richards, Clare and Ridzwan, Syazwan Mohamed and Roberts, Dale and Smillie, Jon and Snow, Kate and Ward, Marshall and Yang, Rui},
      doi = {10.22033/ESGF/CMIP6.4332}
}
% access-esm1-5
@misc{access-esm1-5,
      url = {https://doi.org/10.22033/ESGF/CMIP6.4333},
      title = {CSIRO ACCESS-ESM1.5 model output prepared for CMIP6 ScenarioMIP ssp585},
      publisher = {Earth System Grid Federation},
      year = {2019},
      author = {Ziehn, Tilo and Chamberlain, Matthew and Lenton, Andrew and Law, Rachel and Bodman, Roger and Dix, Martin and Wang, Yingping and Dobrohotoff, Peter and Srbinovsky, Jhan and Stevens, Lauren and Vohralik, Peter and Mackallah, Chloe and Sullivan, Arnold and O'Farrell, Siobhan and Druken, Kelsey},
      doi = {10.22033/ESGF/CMIP6.4333}
}
% awi-cm-1-1-mr
@misc{awi-cm-1-1-mr,
      url = {https://doi.org/10.22033/ESGF/CMIP6.2817},
      title = {AWI AWI-CM1.1MR model output prepared for CMIP6 ScenarioMIP ssp585},
      publisher = {Earth System Grid Federation},
      year = {2019},
      author = {Semmler, Tido and Danilov, Sergey and Rackow, Thomas and Sidorenko, Dmitry and Barbi, Dirk and Hegewald, Jan and Pradhan, Himansu Kesari and Sein, Dmitri and Wang, Qiang and Jung, Thomas},
      doi = {10.22033/ESGF/CMIP6.2817}
}
% bcc-csm2-mr
@misc{bcc-csm2-mr,
      url = {https://doi.org/10.22033/ESGF/CMIP6.3050},
      title = {BCC BCC-CSM2MR model output prepared for CMIP6 ScenarioMIP ssp585},
      publisher = {Earth System Grid Federation},
      year = {2019},
      author = {Xin, Xiaoge and Wu, Tongwen and Shi, Xueli and Zhang, Fang and Li, Jianglong and Chu, Min and Liu, Qianxia and Yan, Jinghui and Ma, Qiang and Wei, Min},
      doi = {10.22033/ESGF/CMIP6.3050}
}
% cams-csm1-0
@misc{cams-csm1-0,
      url = {https://doi.org/10.22033/ESGF/CMIP6.11052},
      title = {CAMS CAMS-CSM1.0 model output prepared for CMIP6 ScenarioMIP ssp585},
      publisher = {Earth System Grid Federation},
      year = {2019},
      author = {Rong, Xinyao},
      doi = {10.22033/ESGF/CMIP6.11052}
}
% canesm5
@misc{canesm5,
      url = {https://doi.org/10.22033/ESGF/CMIP6.3696},
      title = {CCCma CanESM5 model output prepared for CMIP6 ScenarioMIP ssp585},
      publisher = {Earth System Grid Federation},
      year = {2019},
      author = {Swart, Neil Cameron and Cole, Jason N.S. and Kharin, Viatcheslav V. and Lazare, Mike and Scinocca, John F. and Gillett, Nathan P. and Anstey, James and Arora, Vivek and Christian, James R. and Jiao, Yanjun and Lee, Warren G. and Majaess, Fouad and Saenko, Oleg A. and Seiler, Christian and Seinen, Clint and Shao, Andrew and Solheim, Larry and von Salzen, Knut and Yang, Duo and Winter, Barbara and Sigmond, Michael},
      doi = {10.22033/ESGF/CMIP6.3696}
}
% canesm5-canoe
@misc{canesm5-canoe,
      url = {https://doi.org/10.22033/ESGF/CMIP6.10276},
      title = {CCCma CanESM5-CanOE model output prepared for CMIP6 ScenarioMIP ssp585},
      publisher = {Earth System Grid Federation},
      year = {2019},
      author = {Swart, Neil Cameron and Cole, Jason N.S. and Kharin, Viatcheslav V. and Lazare, Mike and Scinocca, John F. and Gillett, Nathan P. and Anstey, James and Arora, Vivek and Christian, James R. and Jiao, Yanjun and Lee, Warren G. and Majaess, Fouad and Saenko, Oleg A. and Seiler, Christian and Seinen, Clint and Shao, Andrew and Solheim, Larry and von Salzen, Knut and Yang, Duo and Winter, Barbara and Sigmond, Michael},
      doi = {10.22033/ESGF/CMIP6.10276}
}
% cesm2
@misc{cesm2,
      url = {https://doi.org/10.22033/ESGF/CMIP6.7768},
      title = {NCAR CESM2 model output prepared for CMIP6 ScenarioMIP ssp585},
      publisher = {Earth System Grid Federation},
      year = {2019},
      author = {Danabasoglu, Gokhan},
      doi = {10.22033/ESGF/CMIP6.7768}
}
% cesm2-waccm
@misc{cesm2-waccm,
      url = {https://doi.org/10.22033/ESGF/CMIP6.10115},
      title = {NCAR CESM2-WACCM model output prepared for CMIP6 ScenarioMIP ssp585},
      publisher = {Earth System Grid Federation},
      year = {2019},
      author = {Danabasoglu, Gokhan},
      doi = {10.22033/ESGF/CMIP6.10115}
}
% fgoals-g3
@misc{fgoals-g3,
      url = {https://doi.org/10.22033/ESGF/CMIP6.3503},
      title = {CAS FGOALS-g3 model output prepared for CMIP6 ScenarioMIP ssp585},
      publisher = {Earth System Grid Federation},
      year = {2019},
      author = {Li, Lijuan},
      doi = {10.22033/ESGF/CMIP6.3503}
}
% giss-e2-1-g
@misc{giss-e2-1-g,
      url = {https://doi.org/10.22033/ESGF/CMIP6.7460},
      title = {NASA-GISS GISS-E2.1G model output prepared for CMIP6 ScenarioMIP ssp585},
      publisher = {Earth System Grid Federation},
      year = {2020},
      author = {NASA Goddard Institute for Space Studies (NASA/GISS)},
      doi = {10.22033/ESGF/CMIP6.7460}
}
% mcm-ua-1-0 
@misc{mcm-ua-1-0,
      url = {https://doi.org/10.22033/ESGF/CMIP6.13901},
      title = {UA MCM-UA-1-0 model output prepared for CMIP6 ScenarioMIP ssp585},
      publisher = {Earth System Grid Federation},
      year = {2019},
      author = {Stouffer, Ronald},
      doi = {10.22033/ESGF/CMIP6.13901}
}
% miroc-es2l
@misc{miroc-es2l,
      url = {https://doi.org/10.22033/ESGF/CMIP6.5770},
      title = {MIROC MIROC-ES2L model output prepared for CMIP6 ScenarioMIP ssp585},
      publisher = {Earth System Grid Federation},
      year = {2019},
      author = {Tachiiri, Kaoru and Abe, Manabu and Hajima, Tomohiro and Arakawa, Osamu and Suzuki, Tatsuo and Komuro, Yoshiki and Ogochi, Koji and Watanabe, Michio and Yamamoto, Akitomo and Tatebe, Hiroaki and Noguchi, Maki A. and Ohgaito, Rumi and Ito, Akinori and Yamazaki, Dai and Ito, Akihiko and Takata, Kumiko and Watanabe, Shingo and Kawamiya, Michio},
      doi = {10.22033/ESGF/CMIP6.5770}
}
% miroc6
@misc{miroc6,
      url = {https://doi.org/10.22033/ESGF/CMIP6.5771},
      title = {MIROC MIROC6 model output prepared for CMIP6 ScenarioMIP ssp585},
      publisher = {Earth System Grid Federation},
      year = {2019},
      author = {Shiogama, Hideo and Abe, Manabu and Tatebe, Hiroaki},
      doi = {10.22033/ESGF/CMIP6.5771}
}
% mpi-esm1-2-hr
@misc{mpi-esm1-2-hr-DKRZ,
      url = {https://doi.org/10.22033/ESGF/CMIP6.4403},
      title = {DKRZ MPI-ESM1.2-HR model output prepared for CMIP6 ScenarioMIP ssp585},
      publisher = {Earth System Grid Federation},
      year = {2019},
      author = {Schupfner, Martin and Wieners, Karl-Hermann and Wachsmann, Fabian and Steger, Christian and Bittner, Matthias and Jungclaus, Johann and Fr\"{u}h, Barbara and Pankatz, Klaus and Giorgetta, Marco and Reick, Christian and Legutke, Stephanie and Esch, Monika and Gayler, Veronika and Haak, Helmuth and de Vrese, Philipp and Raddatz, Thomas and Mauritsen, Thorsten and von Storch, Jin-Song and Behrens, J\"{o}rg and Brovkin, Victor and Claussen, Martin and Crueger, Traute and Fast, Irina and Fiedler, Stephanie and Hagemann, Stefan and Hohenegger, Cathy and Jahns, Thomas and Kloster, Silvia and Kinne, Stefan and Lasslop, Gitta and Kornblueh, Luis and Marotzke, Jochem and Matei, Daniela and Meraner, Katharina and Mikolajewicz, Uwe and Modali, Kameswarrao and M\"{u}ller, Wolfgang and Nabel, Julia and Notz, Dirk and Peters-von Gehlen, Karsten and Pincus, Robert and Pohlmann, Holger and Pongratz, Julia and Rast, Sebastian and Schmidt, Hauke and Schnur, Reiner and Schulzweida, Uwe and Six, Katharina and Stevens, Bjorn and Voigt, Aiko and Roeckner, Erich},
      doi = {10.22033/ESGF/CMIP6.4403}
}
@misc{mpi-esm1-2-hr-DWD,
      url = {https://doi.org/10.22033/ESGF/CMIP6.4479},
      title = {DWD MPI-ESM1.2-HR model output prepared for CMIP6 ScenarioMIP ssp585},
      publisher = {Earth System Grid Federation},
      year = {2019},
      author = {Steger, Christian and Schupfner, Martin and Wieners, Karl-Hermann and Wachsmann, Fabian and Bittner, Matthias and Jungclaus, Johann and Fr\"{u}h, Barbara and Pankatz, Klaus and Giorgetta, Marco and Reick, Christian and Legutke, Stephanie and Esch, Monika and Gayler, Veronika and Haak, Helmuth and de Vrese, Philipp and Raddatz, Thomas and Mauritsen, Thorsten and von Storch, Jin-Song and Behrens, J\"{o}rg and Brovkin, Victor and Claussen, Martin and Crueger, Traute and Fast, Irina and Fiedler, Stephanie and Hagemann, Stefan and Hohenegger, Cathy and Jahns, Thomas and Kloster, Silvia and Kinne, Stefan and Lasslop, Gitta and Kornblueh, Luis and Marotzke, Jochem and Matei, Daniela and Meraner, Katharina and Mikolajewicz, Uwe and Modali, Kameswarrao and M\"{u}ller, Wolfgang and Nabel, Julia and Notz, Dirk and Peters-von Gehlen, Karsten and Pincus, Robert and Pohlmann, Holger and Pongratz, Julia and Rast, Sebastian and Schmidt, Hauke and Schnur, Reiner and Schulzweida, Uwe and Six, Katharina and Stevens, Bjorn and Voigt, Aiko and Roeckner, Erich},
      doi = {10.22033/ESGF/CMIP6.4479}
}
% mpi-esm1-2-lr
@misc{mpi-esm1-2-lr,
      url = {https://doi.org/10.22033/ESGF/CMIP6.6705},
      title = {MPI-M MPI-ESM1.2-LR model output prepared for CMIP6 ScenarioMIP ssp585},
      publisher = {Earth System Grid Federation},
      year = {2019},
      author = {Wieners, Karl-Hermann and Giorgetta, Marco and Jungclaus, Johann and Reick, Christian and Esch, Monika and Bittner, Matthias and Gayler, Veronika and Haak, Helmuth and de Vrese, Philipp and Raddatz, Thomas and Mauritsen, Thorsten and von Storch, Jin-Song and Behrens, J\"{o}rg and Brovkin, Victor and Claussen, Martin and Crueger, Traute and Fast, Irina and Fiedler, Stephanie and Hagemann, Stefan and Hohenegger, Cathy and Jahns, Thomas and Kloster, Silvia and Kinne, Stefan and Lasslop, Gitta and Kornblueh, Luis and Marotzke, Jochem and Matei, Daniela and Meraner, Katharina and Mikolajewicz, Uwe and Modali, Kameswarrao and M\"{u}ller, Wolfgang and Nabel, Julia and Notz, Dirk and Peters-von Gehlen, Karsten and Pincus, Robert and Pohlmann, Holger and Pongratz, Julia and Rast, Sebastian and Schmidt, Hauke and Schnur, Reiner and Schulzweida, Uwe and Six, Katharina and Stevens, Bjorn and Voigt, Aiko and Roeckner, Erich},
      doi = {10.22033/ESGF/CMIP6.6705}
}
% mri-esm2-0
@misc{mri-esm2-0,
      url = {https://doi.org/10.22033/ESGF/CMIP6.6929},
      title = {MRI MRI-ESM2.0 model output prepared for CMIP6 ScenarioMIP ssp585},
      publisher = {Earth System Grid Federation},
      year = {2019},
      author = {Yukimoto, Seiji and Koshiro, Tsuyoshi and Kawai, Hideaki and Oshima, Naga and Yoshida, Kohei and Urakawa, Shogo and Tsujino, Hiroyuki and Deushi, Makoto and Tanaka, Taichu and Hosaka, Masahiro and Yoshimura, Hiromasa and Shindo, Eiki and Mizuta, Ryo and Ishii, Masayoshi and Obata, Atsushi and Adachi, Yukimasa},
      doi = {10.22033/ESGF/CMIP6.6929}
}
% noresm2-lm
@misc{noresm2-lm,
      url = {https://doi.org/10.22033/ESGF/CMIP6.8319},
      title = {NCC NorESM2-LM model output prepared for CMIP6 ScenarioMIP ssp585},
      publisher = {Earth System Grid Federation},
      year = {2019},
      author = {Seland, {\O}yvind and Bentsen, Mats and Olivi\`{e}, Dirk Jan Leo and Toniazzo, Thomas and Gjermundsen, Ada and Graff, Lise Seland and Debernard, Jens Boldingh and Gupta, Alok Kumar and He, Yanchun and Kirkev\r{a}g, Alf and Schwinger, J\"{o}rg and Tjiputra, Jerry and Aas, Kjetil Schanke and Bethke, Ingo and Fan, Yuanchao and Griesfeller, Jan and Grini, Alf and Guo, Chuncheng and Ilicak, Mehmet and Karset, Inger Helene Hafsahl and Landgren, Oskar Andreas and Liakka, Johan and Moseid, Kine Onsum and Nummelin, Aleksi and Spensberger, Clemens and Tang, Hui and Zhang, Zhongshi and Heinze, Christoph and Iversen, Trond and Schulz, Michael},
      doi = {10.22033/ESGF/CMIP6.8319}
}
% noresm2-mm
@misc{noresm2-mm,
      url = {https://doi.org/10.22033/ESGF/CMIP6.8321},
      title = {NCC NorESM2-MM model output prepared for CMIP6 ScenarioMIP ssp585},
      publisher = {Earth System Grid Federation},
      year = {2019},
      author = {Bentsen, Mats and Olivi\`{e}, Dirk Jan Leo and Seland, {\O}yvind and Toniazzo, Thomas and Gjermundsen, Ada and Graff, Lise Seland and Debernard, Jens Boldingh and Gupta, Alok Kumar and He, Yanchun and Kirkev\r{a}g, Alf and Schwinger, J\"{o}rg and Tjiputra, Jerry and Aas, Kjetil Schanke and Bethke, Ingo and Fan, Yuanchao and Griesfeller, Jan and Grini, Alf and Guo, Chuncheng and Ilicak, Mehmet and Karset, Inger Helene Hafsahl and Landgren, Oskar Andreas and Liakka, Johan and Moseid, Kine Onsum and Nummelin, Aleksi and Spensberger, Clemens and Tang, Hui and Zhang, Zhongshi and Heinze, Christoph and Iversen, Trond and Schulz, Michael},
      doi = {10.22033/ESGF/CMIP6.8321}
}
% ukesm1-0-ll
@misc{ukesm1-0-ll-MOHC,
      url = {https://doi.org/10.22033/ESGF/CMIP6.6405},
      title = {MOHC UKESM1.0-LL model output prepared for CMIP6 ScenarioMIP ssp585},
      publisher = {Earth System Grid Federation},
      year = {2019},
      author = {Good, Peter and Sellar, Alistair and Tang, Yongming and Rumbold, Steve and Ellis, Rich and Kelley, Douglas and Kuhlbrodt, Till},
      doi = {10.22033/ESGF/CMIP6.6405}
}
@misc{ukesm1-0-ll-NIMS-KMA,
      url = {https://doi.org/10.22033/ESGF/CMIP6.8457},
      title = {NIMS-KMA UKESM1.0-LL model output prepared for CMIP6 ScenarioMIP ssp585},
      publisher = {Earth System Grid Federation},
      year = {2021},
      author = {Shim, Sungbo and Lim, Yoon-Jin and Byun, Young-Hwa and Seo, Jeongbyn and Kwon, Sanghun and Kim, Byeong-Hyeon},
      doi = {10.22033/ESGF/CMIP6.8457}
}
% observed
%https://crudata.uea.ac.uk/cru/data/temperature/#sciref
@article{morice2021updated,
  title={An Updated Assessment of Near-Surface Temperature Change From 1850: The HadCRUT5 Data Set},
  author={Morice, Colin P and Kennedy, John J and Rayner, Nick A and Winn, JP and Hogan, Emma and Killick, RE and Dunn, RJH and Osborn, TJ and Jones, PD and Simpson, IR},
  journal={Journal of Geophysical Research: Atmospheres},
  volume={126},
  number={3},
  pages={e2019JD032361},
  year={2021},
  publisher={Wiley Online Library}
}
%%%%%%%%%%%%%%%%%%%%%%%%%%%%%%%%%%%%%%%%%%%%%%%%%%%%%%%%%%%%%%%%%%%%%%%%%%%%%%%%%%%%%%%%%%